@MISC{RIESGO,
  AUTHOR = {{Comunidad de Madrid}},
  TITLE = {{Análisis y cuantificación del Riesgo}},
  PUBLISHER = {Comunidad de Madrid},
  YEAR = {2010},  
  howpublished = "\url{http://www.madrid.org/cs/StaticFiles/Emprendedores/Analisis_Riesgos/pages/pdf/metodologia/4AnalisisycuantificaciondelRiesgo\%28AR\%29_es.pdf}", 
  note  = "[Consultado: 2018-09-24]",
}

@MISC{NORMA-005,
  AUTHOR = {{Secretaría de Economía}},
  TITLE = {{NORMA Oficial Mexicana NOM-005-SCFI-2011, Instrumentos de medición-Sistema para medición y despacho de gasolina y otros combustibles líquidos-Especificaciones, métodos de prueba y de verificación}},
  PUBLISHER = {Diario Oficial de la Nación},
  YEAR = {2012},  
  howpublished = "\url{http://www.dof.gob.mx/normasOficiales/4679/SEECO/SEECO.htm}", 
  note  = "[Consultado: 2018-09-24]",
}
@MISC{CAUDALIMETRO,
  AUTHOR = {{Secretaría de Economía}},
  TITLE = {{NORMA Oficial Mexicana NOM-005-SCFI-2011, Instrumentos de medición-Sistema para medición y despacho de gasolina y otros combustibles líquidos-Especificaciones, métodos de prueba y de verificación}},
  PUBLISHER = {Diario Oficial de la Nación},
  
  YEAR = {2012},  
  howpublished = "\url{http://www.dof.gob.mx/normasOficiales/4679/SEECO/SEECO.htm}", 
  note  = "[Consultado: 2018-09-24]",
}

@MISC{LG16,
  AUTHOR = {{Sensirion}},
  TITLE = {{LG16 Liquid Flow Meter Series DataSheet}},
  PUBLISHER = {Sensirion The Sensor Company},
  YEAR = {2016},  
  howpublished = "\url{https://www.sensirion.com/fileadmin/user_upload/customers/sensirion/Dokumente/0_Datasheets/Liquid_Flow/Sensirion_Liquid_Flow_Meters_LG16_Datasheet.pdf}", 
  note  = "[Consultado: 2018-09-24]",
}

@MISC{FS400A-G1,
  AUTHOR = {{Open Hacks}},
  TITLE = {{FS400A-G1 flow meter}},
  PUBLISHER = {Open Hacks},
  YEAR = {2014},  
  howpublished = "\url{https://www.openhacks.com/uploadsproductos/g1__water_flow_sensor_-_wiki.pdf}", 
  note  = "[Consultado: 2018-09-24]",
}

@MISC{FS400A-G1-ML,
  AUTHOR = {{S/A}},
  TITLE = {{Caudalimetro Sensor De Flujo Liquidos 1 Pulgada 1 A 60 L/min}},
  PUBLISHER = {Mercado Libre},
  YEAR = {2018},  
  howpublished = "\url{https://articulo.mercadolibre.com.mx/MLM-563607650-caudalimetro-sensor-de-flujo-liquidos-1-pulgada-1-a-60-lmin-_JM}", 
  note  = "[Consultado: 2018-09-24]",
}

@MISC{FMG800,
  AUTHOR = {{OMEGA}},
  TITLE = {{Plastic Bodied Electromagnetic Flow Meter - FMG800 Series Datasheet}},
  PUBLISHER = {OMEGA},
  YEAR = {2018},  
  howpublished = "\url{https://www.omega.com/green/pdf/FMG800.pdf}", 
  note  = "[Consultado: 2018-09-24]",
}

@MISC{OPTIFLUX,
  AUTHOR = {{KROHNE Group}},
  TITLE = {{OPTIFLUX 1000 Technical Datasheet}},
  PUBLISHER = {KROHNE Group},
  YEAR = {2018},  
  howpublished = "\url{https://cdn.krohne.com/dlc/TD_OPTIFLUX1000_en_170613_4000690405_R05.pdf}", 
  note  = "[Consultado: 2018-09-24]",
}

@MISC{PISTOLAS,
  AUTHOR = {{FILL-RITE}},
  TITLE = {{Pistolas}},
  PUBLISHER = {FILL-RITE},
  YEAR = {2018},  
  howpublished = "\url{https://es.fillrite.com/index.cfm/products/product-listing-page/?ps=120}", 
  note  = "[Consultado: 2018-09-24]",
}

@MISC{PISTOLA,
  AUTHOR = {{FILL-RITE}},
  TITLE = {{Pistola Modelo: FRHMN075S}},
  PUBLISHER = {FILL-RITE},
  YEAR = {2018},  
  howpublished = "\url{https://es.fillrite.com/index.cfm/products/productdetail/?p=297\&ps=120}", 
  note  = "[Consultado: 2018-09-24]",
}

@BOOK{Micro,
	author = {G. Gridling y B. Weiss},
	year = 2007,
	title = {Introduction to Microcontrollers},
	edition = 1,
	publisher = {Vienna University of Technology,
	Institute of Computer Engineering,
	Embedded Computing Systems Group},
	address = {EUA}
}
@MISC{Bluetooth,
	AUTHOR = {Bluetooth Technology},
	TITLE = {{Bluetooth}},
	PUBLISHER = {How it works | Bluetooth Technology Website},
	YEAR = {2017},  
	howpublished = "\url{https://www.bluetooth.com/what-is-bluetooth-technology/how-it-works}", 
	note  = "[Consultado: 2018-09-21]",
}
@MISC{Pre1,
	AUTHOR = {Cárdenas Y. y Muegues A.},
	TITLE = {{Energías limpias: ecológicamente sustentables mediante paneles solares}},
	PUBLISHER = {Revista RenovaT},
	YEAR = {2014},
	howpublished = "\url{http://revistas.sena.edu.co/index.php/rnt/article/view/512/556}", 
	note  = "[Consultado: 2019-01-18]",
}
@MISC{Pre2,
	AUTHOR = {Sin Autor},
	TITLE = {{Consumo de gasolina - Clasificaciones}},
	PUBLISHER = {The U.S. Energy Information Administration},
	YEAR = {2014},
	howpublished = "\url{https://es.theglobaleconomy.com/rankings/gasoline_consumption/}", 
	note  = "[Consultado: 2018-09-20]",
}
@MISC{Pre3,
	AUTHOR = {Sin Autor},
	TITLE = {Mexico Gasoline prices, liter},
	PUBLISHER = {Global Petrol Prices},
	YEAR = {2018},
	howpublished = "\url{https://www.globalpetrolprices.com/Mexico/gasoline_prices/}", 
	note  = "[Consultado: 2018-09-20]",
}
@MISC{Pre4,
	AUTHOR = {Sin Autor},
	TITLE = {{Mexicanos, los que más gastan en gasolina en el mundo}},
	PUBLISHER = {El Financiero},
	YEAR = {2016},
	howpublished = "\url{http://www.elfinanciero.com.mx/economia/mexico-es-el-segundo-pais-que-mas-gasta-de-sus-ingresos-en-gasolina}", 
	note  = "[Consultado: 2018-09-20]",
}
@MISC{Pre5,
	AUTHOR = {Miriam Santillán},
	TITLE = {{Nuevas modalidades de robo de gasolina}},
	PUBLISHER = {AutoCosmos},
	YEAR = {2015},
	howpublished = "\url{https://noticias.autocosmos.com.mx/2015/04/02/nuevas-modalidades-de-robo-en-gasolinera}", 
	note  = "[Consultado: 2018-09-20]",
}

@BOOK{Microrredes,
	author = {Kyriakarakos G., Dounis A., Rozakis S., Arvanitis K. y Papadakis, G.},
	year = 2011,
	title = {Polygeneration microgrids: A viable solution in remote areas for supplying power, potable water and hydrogen as transportation fuel},
	edition = 1,
	publisher = {ELSEVIER},
	address = {Grecia}
}

@BOOK{SistemaEmbebido,
	author = {KAMAL, Raj},
	year = 2009,
	title = {Embedded Systems: Architecture, programming and design.},
	edition = 2,
	publisher = {McGraw-Hill Education},
	address = {India}
}

@MISC{EstadoDelArte1,
	AUTHOR = {S.Sujeeth, Dr. O.V. Gnana Swathika},
	TITLE = {{IoT based automated protection and control of DC microgrids}},
	PUBLISHER = {IEEE},
	YEAR = {2018},
	howpublished = "\url{https://ieeexplore.ieee.org/document/8399042}",
	note  = "[Consultado: 2018-11-07]",
}

@MISC{EstadoDelArte2,
	AUTHOR = {S.Sujeeth, Dr. O.V. Gnana Swathika},
	TITLE = {{Monitoring and control of real time simulated microgrid with renewable energy sources}},
	PUBLISHER = {IEEE},
	YEAR = {2012},
	howpublished = "\url{https://ieeexplore.ieee.org/document/6479480}",
	note  = "[Consultado: 2018-11-07]",
}

@MISC{EstadoDelArte3,
	AUTHOR = {L. K. Siow, H. B. Gooi, F. L. Luo, C. J. Gajanayake},
	TITLE = {{Wi-Fi Based Server in Microgrid Energy Management System}},
	PUBLISHER = {IEEE},
	YEAR = {2009},
	howpublished = "\url{https://ieeexplore.ieee.org/document/5395995}",
	note  = "[Consultado: 2018-11-07]",
}

@MISC{EstadoDelArte4,
	AUTHOR = {P. Diefenderfer, P. M. Jansson, E. R. Prescott},
	TITLE = {{Application of Power Sensors in the Control and Monitoring of a Residential Microgrid}},
	PUBLISHER = {IEEE},
	YEAR = {2015},
	howpublished = "\url{https://ieeexplore.ieee.org/document/7133612}",
	note  = "[Consultado: 2018-11-07]",
}

@MISC{MarcoTeorico2,
	AUTHOR = {Omar Díaz},
	TITLE = {{¿Cuántas gasolineras hay por autos en México?}},
	PUBLISHER = {AutosRPM},
	YEAR = {2017},
	howpublished = "\url{http://www.autosrpm.com/movilidad/cuantas-gasolineras-hay-por-autos-en-mexico/}",
	note  = "[Consultado: 2018-10-20]",
}
@MISC{MarcoTeorico3,
	AUTHOR = {Pedro Rodrigo Cordón Posadas},
	TITLE = {{MANTENIMIENTO Y CALIBRACIÓN DEL MEDIDOR DE COMBUSTIBLE GILBARCO SERIE C}},
	PUBLISHER = {Universidad de San Carlos de Guatemala},
	YEAR = {2011},
	howpublished = "\url{http://biblioteca.usac.edu.gt/tesis/08/08_0682_M.pdf}",
	note  = "[Consultado: 2018-10-20]",
}
@MISC{MarcoTeorico4,
	AUTHOR = {Alfred Randy},
	TITLE = {{SEPT. 5, 1885: PAY AT THE PUMP}},
	PUBLISHER = {Wired},
	YEAR = {2008},
	howpublished = "\url{https://www.wired.com/2008/09/sept-5-1885-pay-at-the-pump-2/}",
	note  = "[Consultado: 2018-10-20]",
}
@MISC{MarcoTeorico5,
	AUTHOR = {Department for Bussiness and Innovation Skills},
	TITLE = {{Certificate Pursuant to section 12 of the Weights and Measures Act 1985}},
	PUBLISHER = {National Measurement Office},
	YEAR = {2011},
	howpublished = "\url{https://assets.publishing.service.gov.uk/government/uploads/system/uploads/attachment_data/file/296219/UK-2780-revision-3.pdf}",
	note  = "[Consultado: 2018-10-20]",
}
@MISC{MarcoTeorico6,
	AUTHOR = {Javier Venegas Requena},
	TITLE = {{Encoders}},
	PUBLISHER = {Universidad Técnica Federico Santa María},
	YEAR = {2012},
	howpublished = "\url{http://ramos.elo.utfsm.cl/~elo212/docs/Encoders-jvr-v01.pdf}",
	note  = "[Consultado: 2018-10-20]",
}
@MISC{MarcoTeorico7,
	AUTHOR = {National Institute of Standards and Technology},
	TITLE = {{Specifications, tolerances, and other technical requirements for Measuring Devices}},
	PUBLISHER = {U.S. Department of commerce},
	YEAR = {2018},
	howpublished = "\url{https://nvlpubs.nist.gov/nistpubs/hb/2018/NIST.HB.44-2018.pdf}",
	note  = "[Consultado: 2018-10-20]",
}
@MISC{MarcoTeorico8,
	AUTHOR = {Grenville Sutcliffe},
	TITLE = {{How Nozzles Work}},
	PUBLISHER = {Husky Corporation},
	YEAR = {2014},
	howpublished = "\url{https://www.youtube.com/watch?v=q3phjAQZdGg}",
	note  = "[Consultado: 2018-10-20]",
}
@BOOK{MarcoTeorico9,
	author={Mark Richards},
	title={Software Architecture Patterns},
	publisher={O'Reilly},
	address={California},
	year={2015},
}
@BOOK{MarcoTeorico10,
	author={Jhon P. Bentley},
	title={Principles of Measurement Systems},
	publisher={Pearson},
	address={California},
	year={2005},
}
@MISC{MarcoTeorico11,
	AUTHOR = {Sin Autor},
	TITLE = {{What is a web service?}},
	PUBLISHER = {IBM Knowledge Center},
	YEAR = {2018},
	howpublished = "\url{https://www.ibm.com/support/knowledgecenter/en/SSGMCP_5.3.0/com.ibm.cics.ts.webservices.doc/concepts/dfhws_definition.html}",
	note  = "[Consultado: 2018-10-24]",
}
@MISC{MarcoTeorico12,
	AUTHOR = {Rohit Garg},
	TITLE = {{7 types of classification algorithms}},
	PUBLISHER = {Analytics India Magazine},
	YEAR = {2018},
	howpublished = "\url{https://www.analyticsindiamag.com/7-types-classification-algorithms/}",
	note  = "[Consultado: 2018-10-24]",
}
@MISC{MarcoTeorico13,
	AUTHOR = {Sin Autor},
	TITLE = {{Clasificar}},
	PUBLISHER = {Real Academía Española},
	YEAR = {2005},
	howpublished = "\url{http://lema.rae.es/dpd/srv/search?key=clasificar}",
	note  = "[Consultado: 2018-10-24]",
}
@MISC{MarcoTeorico14,
	AUTHOR = {Sin Autor},
	TITLE = {{Geolocation: Displaying User or Device Position on Maps}},
	PUBLISHER = {Google Maps Platform},
	YEAR = {2018},
	howpublished = "\url{https://developers.google.com/maps/documentation/javascript/geolocation}",
	note  = "[Consultado: 2018-10-24]",
}
@MISC{MarcoTeorico15,
	AUTHOR = {Sin Autor},
	TITLE = {{DoD World Geodetic System 1984}},
	PUBLISHER = {Google Maps Platform},
	YEAR = {2004},
	howpublished = "\url{http://earth-info.nga.mil/GandG/publications/tr8350.2/tr8350_2.html}",
	note  = "[Consultado: 2018-10-24]",
}

@MISC{Not1,
	AUTHOR = {Pablo G. Bejerano},
	TITLE = {{Así están las energías renovables en el mundo}},
	PUBLISHER = {Foro Económico Mundial},
	YEAR = {2017},
	howpublished = "\url{https://es.weforum.org/agenda/2017/06/asi-estan-las-energias-renovables-en-el-mundo/}", 
	note  = "[Consultado: 2019-01-10]",
}

@MISC{Not2,
	AUTHOR = {Janneth Del Real},
	TITLE = {{El uso de la energía solar en México cada vez es mayor}},
	PUBLISHER = {ExpoK},
	YEAR = {2018},  
	howpublished = "\url{https://www.expoknews.com/el-uso-de-la-energia-solar-en-mexico-cada-vez-es-mayor/}", 
	note  = "[Consultado: 2019-01-10]",
}

@MISC{WiFi,
	AUTHOR = {CCM},
	TITLE = {{Redes inalámbricas}},
	PUBLISHER = {CCM},
	YEAR = {2017},  
	howpublished = "\url{http://es.ccm.net/contents/818-redes-inalambricas}", 
	note  = "[Consultado: 2018-09-21]",
}

@MISC{factibilidad_tecnica,
  AUTHOR = {{Área de Posgrado}},
  TITLE = {{Factibilidad Técnica y Operacional}},
  PUBLISHER = {Universidad de Monteávila Venezuela},
  YEAR = {2018},  
  howpublished = "\url{https://www.uma.edu.ve/moodle_uma/course/info.php?id=28}", 
  note  = "[Consultado: 2018-09-24]",
}
@MISC{factOperativa,
	AUTHOR = {{Atic.cl.}},
	TITLE = {{Factibilidad de sistemas: Técnica, Económica y Operativa.}},
	PUBLISHER = {Apoyo TIC},
	YEAR = {2013},  
	howpublished = "\url{http://www.atic.cl/factibilidad-de-sistemas}", 
	note  = "[Consultado: 2018-09-29]",
}
@MISC{java,
	AUTHOR = {{Oracle}},
	TITLE = {{¿Qué es Java?}},
	PUBLISHER = {Oracle},
	YEAR = {2018},  
	howpublished = "\url{https://www.java.com/es/download/faq/whatis_java.xml}", 
	note  = "[Consultado: 2018-10-22]",
}
@MISC{spring,
	AUTHOR = {{Sprig}},
	TITLE = {{Spring Framework}},
	PUBLISHER = {Spring},
	YEAR = {2018},  
	howpublished = "\url{http://spring.io/projects/spring-framework}", 
	note  = "[Consultado: 2018-10-22]",
}
@MISC{servidores,
	AUTHOR = {{Infortelecom}},
	TITLE = {{Qué es un servidor y para qué sirve}},
	PUBLISHER = {Infortelecom},
	YEAR = {2016},  
	howpublished = "\url{https://infortelecom.es/blog/que-es-un-servidor-y-para-que-sirve/}", 
	note  = "[Consultado: 2018-10-22]",
}
@MISC{metodologia,
	AUTHOR = {{D. L. Arias,J.P. Barquero y M. J. Fonseca}},
	TITLE = {{Metodologías de desarrollo de software}},
	PUBLISHER = {Universidad de Costa Rica},
	YEAR = {2017},  
	howpublished = "\url{http://alfarosolis.com/content/PDFs/IF7100/semana8/Metodologias.pdf}", 
	note  = "[Consultado: 2018-10-23]",
}
@BOOK{Pressman,
	author = {R. S. Pressman},
	year = 2010,
	title = {INGENIERÍA DEL SOFTWARE. UN ENFOQUE PRÁCTICO},
	edition = 7,
	publisher = {McGRAW-HILL INTERAMERICANA EDITORES, S.A. DE C.V.},
	address = {México}
}